@PREAMBLE{ "\newcommand{\noopsort}[1]{} "
        # "\newcommand{\printfirst}[2]{#1} "
        # "\newcommand{\singleletter}[1]{#1} "
        # "\newcommand{\switchargs}[2]{#2#1} " }

@book{opora,
  title={Modelování a simulacie -- Studijní opora},
  author={Petr Peringer},
  year={2012},
  pages="94"
}

@book{smith2010fpgas,
  title={FPGAs 101: Everything you need to know to get started},
  author={Smith, G.},
  isbn={9780080959658},
  lccn={2009041496},
  url={http://books.google.cz/books?id=fOhRlNgBW-IC},
  address="Burlington, MA",
  year={2010},
  publisher={Elsevier Science},
  pages="48"
}

@MASTERSTHESIS{Sova:bldc,
    author = "V{\'{a}}clav Sova",
    title = "Vyu{\v{z}}it{\'{i}} FPGA pro {\v{r}}{\'{i}}zen{\'{i}} a modelov{\'{a}}n{\'{i}} BLDC motoru.",
    school = "Vysok{\'{e}} u{\v{c}}en{\'{i}} technick{\'{e}} v Brn{\v{e}} - Fakulta elektrotechnicky a komunika{\v{c}}n{\'{i}}ch technol{\'{o}}gi{\'{i}}",
    year = "2013",
    address = "Brno",
    type = "Diplomov{\'{a}} pr{\'{a}}ce",
}


@ARTICLE{malik2011use,
  title={Use of embedded FPGA resources in implementations of five round three SHA-3 candidates},
  author={Malik Umar Sharif, Rabia Shahid and Rogawski, Marcin and Gaj, Kris},
    journal = "CRYPT II Hash Workshop 2011",
    year = "2011",
    pages = "1",
}

@misc{lambda,
    author = "Steve Clamage",
    title = "How to Use Lambda Expressions in C++11",
    year = "2014",
    cited = "6.\,12.\,2015",
    publisher = "Oracle",
    url = "{\scriptsize http://www.oracle.com/technetwork/articles/servers-storage-dev/howto-use-lambda-exp-cpp11-2189895.html}"
}

@misc{demo1,
    author = "Martin Hrubý",
    title = "Demonstrační cvičení IMS 1 -- Diskrétní modelování a SIMLIB\/C++",
    cited = "6.\,12.\,2015",
    url = "http://perchta.fit.vutbr.cz/vyuka-ims/uploads/1/ims-demo1.pdf"
}

@ONLINE{ni:fpga,
    author = "National Instruments",
    title = "NI FPGA",
    year = "2014",
    cited = "22.\,4.\,2014",
    publisher = "National Instruments Corporation.",
    url = "https://www.ni.com/fpga/"
}

@ONLINE{eejournal:space,
    author = "Kevin Morris",
    title = "FPGAs in Space",
    year = "2004",
    cited = "22.\,4.\,2014",
    publisher = "Techfocus media, Inc.",
    url = "http://www.eejournal.com/archives/articles/20040803_space/"
}
